<?xml version="1.0"?>
<zs:searchRetrieveResponse xmlns:zs="http://www.loc.gov/zing/srw/"><zs:version>1.1</zs:version><zs:numberOfRecords>1</zs:numberOfRecords><zs:records><zs:record><zs:recordSchema>info:srw/schema/1/marcxml-v1.1</zs:recordSchema><zs:recordPacking>xml</zs:recordPacking><zs:recordData><record xmlns="http://www.loc.gov/MARC21/slim">
  <leader>01526nam a2200361 c 4500</leader>
  <controlfield tag="001">BV021771940</controlfield>
  <controlfield tag="005">20061115        </controlfield>
  <controlfield tag="007">t</controlfield>
  <controlfield tag="008">061018s2006       d|||  m||| 00||| ger d</controlfield>
  <datafield tag="040" ind1=" " ind2=" ">
    <subfield code="a">DE-604</subfield>
    <subfield code="e">rakwb</subfield>
  </datafield>
  <datafield tag="100" ind1="1" ind2=" ">
    <subfield code="a">Lauterbach, Claudia Gertraud</subfield>
    <subfield code="d">1976-</subfield>
    <subfield code="0">(DE-588)132250268</subfield>
    <subfield code="4">aut</subfield>
  </datafield>
  <datafield tag="245" ind1="1" ind2="0">
    <subfield code="a">Detektion der Chinolonresistenz in Enterobacteriaceae und Acinetobacter mit Topoisomerasemutationen mittels Nalidixinsäuretestung</subfield>
    <subfield code="c">vorgelegt von Claudia Gertraud Lauterbach</subfield>
  </datafield>
  <datafield tag="260" ind1=" " ind2=" ">
    <subfield code="c">2006</subfield>
  </datafield>
  <datafield tag="300" ind1=" " ind2=" ">
    <subfield code="a">71 Bl.</subfield>
    <subfield code="b">graph. Darst.</subfield>
  </datafield>
  <datafield tag="035" ind1=" " ind2=" ">
    <subfield code="a">(DE-599)BVBBV021771940</subfield>
  </datafield>
  <datafield tag="035" ind1=" " ind2=" ">
    <subfield code="a">(OCoLC)162436872</subfield>
  </datafield>
  <datafield tag="049" ind1=" " ind2=" ">
    <subfield code="a">DE-355</subfield>
    <subfield code="a">DE-19</subfield>
    <subfield code="a">DE-12</subfield>
  </datafield>
  <datafield tag="084" ind1=" " ind2=" ">
    <subfield code="a">XD 2004</subfield>
    <subfield code="2">rvk</subfield>
  </datafield>
  <datafield tag="084" ind1=" " ind2=" ">
    <subfield code="a">XI 3754</subfield>
    <subfield code="2">rvk</subfield>
  </datafield>
  <datafield tag="500" ind1=" " ind2=" ">
    <subfield code="a">Regensburg, Univ., Diss., 2006</subfield>
  </datafield>
  <datafield tag="650" ind1="0" ind2="7">
    <subfield code="0">(DE-588)4136408-9</subfield>
    <subfield code="a">Resistenz</subfield>
    <subfield code="2">gnd</subfield>
  </datafield>
  <datafield tag="650" ind1="0" ind2="7">
    <subfield code="0">(DE-588)4152338-6</subfield>
    <subfield code="a">Enterobacteriaceae</subfield>
    <subfield code="2">gnd</subfield>
  </datafield>
  <datafield tag="650" ind1="0" ind2="7">
    <subfield code="0">(DE-588)4217839-3</subfield>
    <subfield code="a">Gyrasehemmer</subfield>
    <subfield code="2">gnd</subfield>
  </datafield>
  <datafield tag="650" ind1="0" ind2="7">
    <subfield code="0">(DE-588)4278742-7</subfield>
    <subfield code="a">Acinetobacter</subfield>
    <subfield code="2">gnd</subfield>
  </datafield>
  <datafield tag="689" ind1="0" ind2="0">
    <subfield code="0">(DE-588)4217839-3</subfield>
    <subfield code="D">s</subfield>
    <subfield code="a">Gyrasehemmer</subfield>
  </datafield>
  <datafield tag="689" ind1="0" ind2="1">
    <subfield code="0">(DE-588)4136408-9</subfield>
    <subfield code="D">s</subfield>
    <subfield code="a">Resistenz</subfield>
  </datafield>
  <datafield tag="689" ind1="0" ind2="2">
    <subfield code="0">(DE-588)4152338-6</subfield>
    <subfield code="D">s</subfield>
    <subfield code="a">Enterobacteriaceae</subfield>
  </datafield>
  <datafield tag="689" ind1="0" ind2=" ">
    <subfield code="5">DE-604</subfield>
  </datafield>
  <datafield tag="689" ind1="1" ind2="0">
    <subfield code="0">(DE-588)4217839-3</subfield>
    <subfield code="D">s</subfield>
    <subfield code="a">Gyrasehemmer</subfield>
  </datafield>
  <datafield tag="689" ind1="1" ind2="1">
    <subfield code="0">(DE-588)4136408-9</subfield>
    <subfield code="D">s</subfield>
    <subfield code="a">Resistenz</subfield>
  </datafield>
  <datafield tag="689" ind1="1" ind2="2">
    <subfield code="0">(DE-588)4278742-7</subfield>
    <subfield code="D">s</subfield>
    <subfield code="a">Acinetobacter</subfield>
  </datafield>
  <datafield tag="689" ind1="1" ind2=" ">
    <subfield code="C">b</subfield>
    <subfield code="5">DE-604</subfield>
  </datafield>
  <datafield tag="856" ind1="4" ind2="2">
    <subfield code="B">HBZ Datenaustausch</subfield>
    <subfield code="m">V:DE-604</subfield>
    <subfield code="q">application/pdf</subfield>
    <subfield code="u">http://bvbr.bib-bvb.de:8991/F?func=service&doc_library=BVB01&local_base=BVB01&doc_number=014984857&line_number=0001&func_code=DB_RECORDS&service_type=MEDIA</subfield>
    <subfield code="3">Inhaltsverzeichnis</subfield>
  </datafield>
</record></zs:recordData><zs:recordPosition>1</zs:recordPosition></zs:record></zs:records></zs:searchRetrieveResponse>